@article{abrardo_game_2013,
	title        = {A game theory distributed approach for energy optimization in {WSNs}},
	author       = {Abrardo, Andrea and Balucanti, Lapo and Mecocci, Alessandro},
	year         = 2013,
	month        = jul,
	journal      = {ACM Trans. Sen. Netw.},
	volume       = 9,
	number       = 4,
	doi          = {10.1145/2489253.2489261},
	issn         = {1550-4859},
	url          = {https://doi.org/10.1145/2489253.2489261},
	note         = {Place: New York, NY, USA Publisher: Association for Computing Machinery},
	keywords     = {Wireless sensor networks}
}
@inproceedings{albreem_green_2017,
	title        = {Green internet of things ({IoT}): {An} overview},
	shorttitle   = {Green internet of things ({IoT})},
	author       = {Albreem, Mahmoud A. M. and El-Saleh, Ayman A. and Isa, Muzamir and Salah, Wael and Jusoh, M. and Azizan, M.M and Ali, A},
	year         = 2017,
	month        = nov,
	booktitle    = {2017 {IEEE} 4th {International} {Conference} on {Smart} {Instrumentation}, {Measurement} and {Application} ({ICSIMA})},
	publisher    = {IEEE},
	address      = {Putrajaya},
	pages        = {1--6},
	doi          = {10.1109/ICSIMA.2017.8312021},
	isbn         = {978-1-5386-3960-3},
	url          = {http://ieeexplore.ieee.org/document/8312021/},
	urldate      = {2024-05-10},
	language     = {en}
}
@article{arnaiz_energy_2024,
	title        = {Energy and relevance-aware adaptive monitoring method for wireless sensor nodes with hard energy constraints},
	author       = {Arnaiz, David and Moll, Francesc and Alarc√≥n, Eduard and Vilajosana, Xavier},
	year         = 2024,
	month        = jan,
	journal      = {Integration},
	volume       = 94,
	pages        = 102097,
	doi          = {10.1016/j.vlsi.2023.102097},
	issn         = {01679260},
	url          = {https://linkinghub.elsevier.com/retrieve/pii/S0167926023001396},
	urldate      = {2024-02-15},
	language     = {en}
}
@article{asghari_internet_2019,
	title        = {Internet of {Things} applications: {A} systematic review},
	shorttitle   = {Internet of {Things} applications},
	author       = {Asghari, Parvaneh and Rahmani, Amir Masoud and Javadi, Hamid Haj Seyyed},
	year         = 2019,
	month        = jan,
	journal      = {Computer Networks},
	volume       = 148,
	pages        = {241--261},
	doi          = {10.1016/j.comnet.2018.12.008},
	issn         = 13891286,
	url          = {https://linkinghub.elsevier.com/retrieve/pii/S1389128618305127},
	urldate      = {2024-05-10},
	language     = {en}
}
@article{ashton1999internet,
	title        = {That internet of things},
	author       = {Ashton, Kevin},
	year         = 1999,
	journal      = {RFID journal},
	volume       = 22,
	number       = 1,
	pages        = {1--7}
}
@article{avizienis_basic_2004,
	title        = {Basic concepts and taxonomy of dependable and secure computing},
	author       = {Avizienis, A. and Laprie, J.-C. and Randell, B. and Landwehr, C.},
	year         = 2004,
	month        = jan,
	journal      = {IEEE Transactions on Dependable and Secure Computing},
	volume       = 1,
	number       = 1,
	pages        = {11--33},
	doi          = {10.1109/TDSC.2004.2},
	issn         = {1545-5971},
	url          = {http://ieeexplore.ieee.org/document/1335465/},
	urldate      = {2022-05-26},
	language     = {en},
	keywords     = {notion}
}
@article{balsamo_graceful_2016,
	title        = {Graceful {Performance} {Modulation} for {Power}-{Neutral} {Transient} {Computing} {Systems}},
	author       = {Balsamo, Domenico and Das, Anup and Weddell, Alex S. and Brunelli, Davide and Al-Hashimi, Bashir M. and Merrett, Geoff V. and Benini, Luca},
	year         = 2016,
	journal      = {IEEE Transactions on Computer-Aided Design of Integrated Circuits and Systems},
	volume       = 35,
	number       = 5,
	pages        = {738--749},
	doi          = {10.1109/TCAD.2016.2527713},
	keywords     = {Batteries, Dynamic Frequency Scaling, Dynamic frequency scaling (DFS), energy harvesting, Energy harvesting, Energy Harvesting, Frequency modulation, graceful performance modulation, Graceful Performance Modulation, Heuristic algorithms, Microcontrollers, Sensors, Transient analysis, transient computing, Transient Computing}
}
@article{balsamo_hibernus_2016,
	title        = {Hibernus++: {A} {Self}-{Calibrating} and {Adaptive} {System} for {Transiently}-{Powered} {Embedded} {Devices}},
	author       = {Balsamo, Domenico and Weddell, Alex S. and Das, Anup and Arreola, Alberto Rodriguez and Brunelli, Davide and Al-Hashimi, Bashir M. and Merrett, Geoff V. and Benini, Luca},
	year         = 2016,
	journal      = {IEEE Transactions on Computer-Aided Design of Integrated Circuits and Systems},
	volume       = 35,
	number       = 12,
	pages        = {1968--1980},
	doi          = {10.1109/TCAD.2016.2547919},
	keywords     = {Batteries, Checkpointing, Circuit faults, Embedded systems, energy harvesting, intermittent supply, low-power design, Microcontrollers, Nonvolatile memory, Transient analysis, transient computing}
}
@article{benhamaid_recent_2022,
	title        = {Recent advances in energy management for {Green}-{IoT}: {An} up-to-date and comprehensive survey},
	shorttitle   = {Recent advances in energy management for {Green}-{IoT}},
	author       = {Benhamaid, S and Bouabdallah, A and Lakhlef, H},
	year         = 2022,
	month        = feb,
	journal      = {Journal of Network and Computer Applications},
	volume       = 198,
	pages        = 103257,
	doi          = {10.1016/j.jnca.2021.103257},
	issn         = 10848045,
	url          = {https://linkinghub.elsevier.com/retrieve/pii/S1084804521002551},
	urldate      = {2024-02-15},
	language     = {en}
}
@book{burns_designing_nodate,
	title        = {Designing {Distributed} {Systems}},
	author       = {Burns, Brendan},
	year         = 2018,
	pages        = 165,
	subtitle     = {Patterns and Paradigms for Scalable, Reliable Services},
	language     = {en},
	keywords     = {notion}
}
@article{choi_adaptive_2020,
	title        = {Adaptive operating mode management model for efficient energy harvesting systems},
	author       = {Choi, H. and Koo, Y. and Park, S.},
	year         = 2020,
	journal      = {International Journal of Distributed Sensor Networks},
	volume       = 16,
	number       = 2,
	doi          = {10.1177/1550147720907801},
	url          = {https://www.scopus.com/inward/record.uri?eid=2-s2.0-85081210010&doi=10.1177%2f1550147720907801&partnerID=40&md5=a9588db93331705a9ecfbc2a298932ff},
	note         = {Publisher: SAGE Publications Ltd},
	keywords     = {Continuous energy, Data acquisition, Embedded systems, Energy harvesting, Energy harvesting systems, Energy management systems, Harvesting system, Internet of things, Operating mode management, Operating power, Real time data acquisition, Surrounding environment, System efficiency}
}
@inproceedings{doumenis_lightweight_2022,
	title        = {Lightweight operation scheduling for self-powered {IoT} devices}, 
	author       = {Doumenis, G and Masklavanos, I and Tsiapali, K},
	year         = 2022,
	booktitle    = {7th {South}-{East} {Europe} {Design} {Automation}, {Computer} {Engineering}, {Computer} {Networks} and {Social} {Media} {Conference}, {SEEDA}-{CECNSM} 2022},
	publisher    = {Institute of Electrical and Electronics Engineers Inc.},
	doi          = {10.1109/SEEDA-CECNSM57760.2022.9932933},
	url          = {https://www.scopus.com/inward/record.uri?eid=2-s2.0-85142218344&doi=10.1109%2fSEEDA-CECNSM57760.2022.9932933&partnerID=40&md5=74c0e93ff29c0f4d89f82400bd95b23b},
	keywords     = {Duty-cycle, Dynamic duty cycle, Energy, Energy efficiency, Energy harvesting, Energy scavenging, Input power, Internet of things, Low power modes, Operations scheduling, Powered devices, Scheduling, Scheduling algorithms, Self-powered, Self-powered device, Sensor nodes}
}
@inproceedings{ge_adaptive_2020,
	title        = {Adaptive {Energy} {Management} by {Reinforcement} {Learning} in {Cluster}-based {Solar} powered {WSNs}},
	author       = {Ge, Yujia and Nan, Yurong},
	year         = 2020,
	month        = dec,
	booktitle    = {2020 7th {International} {Conference} on {Information} {Science} and {Control} {Engineering} ({ICISCE})},
	publisher    = {IEEE},
	address      = {Changsha, China},
	pages        = {2303--2307},
	doi          = {10.1109/ICISCE50968.2020.00451},
	isbn         = {978-1-72816-406-9},
	url          = {https://ieeexplore.ieee.org/document/9532270/},
	urldate      = {2024-02-15},
	language     = {en}
}
@article{gong_sleep_2022,
	title        = {Sleep, {Sense} or {Transmit}: {Energy}-{Age} {Tradeoff} for {Status} {Update} {With} {Two}-{Threshold} {Optimal} {Policy}},
	shorttitle   = {Sleep, {Sense} or {Transmit}},
	author       = {Gong, Jie and Zhu, Jianhang and Chen, Xiang and Ma, Xiao},
	year         = 2022,
	month        = mar,
	journal      = {IEEE Transactions on Wireless Communications},
	volume       = 21,
	number       = 3,
	pages        = {1751--1765},
	doi          = {10.1109/TWC.2021.3106395},
	issn         = {1536-1276, 1558-2248},
	url          = {https://ieeexplore.ieee.org/document/9524472/},
	urldate      = {2024-02-15},
	language     = {en}
}
@techreport{ISO9000,
	title        = {{ISO} 9000: Quality management systems - Fundamentals and vocabulary},
	author       = {{International Organization for Standardization}},
	year         = 2015,
	address      = {Genebra},
	institution  = {ISO}
}
@inproceedings{jaber_reducing_2017,
	title        = {Reducing the data transmission in sensor networks through {Kruskal}-{Wallis} model},
	author       = {Jaber, Ali and Taam, Mohamad Abou and Makhoul, Abdallah and Jaoude, Chady Abou and Zahwe, Oussama and Harb, Hassan},
	year         = 2017,
	month        = oct,
	booktitle    = {2017 {IEEE} 13th {International} {Conference} on {Wireless} and {Mobile} {Computing}, {Networking} and {Communications} ({WiMob})},
	publisher    = {IEEE},
	address      = {Rome},
	pages        = {71--78},
	doi          = {10.1109/WiMOB.2017.8115780},
	isbn         = {978-1-5386-3839-2},
	url          = {http://ieeexplore.ieee.org/document/8115780/},
	urldate      = {2024-02-15},
	language     = {en}
}
@inproceedings{jayakumar_powering_2014,
	title        = {Powering the {Internet} of {Things}},
	author       = {Jayakumar, H. and Lee, K. and Lee, W.S. and Raha, A. and Kim, Y. and Raghunathan, V.},
	year         = 2014,
	booktitle    = {Proceedings of the {International} {Symposium} on {Low} {Power} {Electronics} and {Design}},
	pages        = {375--380},
	doi          = {10.1145/2627369.2631644}
}
@article{kahloul_service_2019,
	title        = {Service composition approaches for {Internet} of {Things}: a review},
	shorttitle   = {Service composition approaches for {Internet} of {Things}},
	author       = {Aoudia, Idir and Benharzallah, Saber and Kahloul, Laid and Kazar, Okba},
	year         = 2019,
	journal      = {International Journal of Communication Networks and Distributed Systems},
	volume       = 23,
	number       = 1,
	pages        = 1,
	doi          = {10.1504/IJCNDS.2019.10017271},
	issn         = {1754-3916, 1754-3924},
	url          = {http://www.inderscience.com/link.php?id=10017271},
	urldate      = {2023-04-13},
	language     = {en},
	keywords     = {notion}
}
@article{kansal_power_2007,
	title        = {Power management in energy harvesting sensor networks},
	author       = {Kansal, Aman and Hsu, Jason and Zahedi, Sadaf and Srivastava, Mani B.},
	year         = 2007,
	month        = sep,
	journal      = {ACM Transactions on Embedded Computing Systems},
	volume       = 6,
	number       = 4,
	pages        = 32,
	doi          = {10.1145/1274858.1274870},
	issn         = {1539-9087, 1558-3465},
	url          = {https://dl.acm.org/doi/10.1145/1274858.1274870},
	urldate      = {2024-02-15},
	language     = {en}
}
@article{khairnar_discrete-rate_2015,
	title        = {Discrete-{Rate} {Adaptation} and {Selection} in {Energy} {Harvesting} {Wireless} {Systems}},
	author       = {Khairnar, Parag S. and Mehta, Neelesh B.},
	year         = 2015,
	month        = jan,
	journal      = {IEEE Transactions on Wireless Communications},
	volume       = 14,
	number       = 1,
	pages        = {219--229},
	doi          = {10.1109/TWC.2014.2337296},
	issn         = {1536-1276},
	url          = {http://ieeexplore.ieee.org/document/6851199/},
	urldate      = {2024-02-15},
	language     = {en}
}
@article{khairnar_discrete-rate_2015-1,
	title        = {Discrete-{Rate} {Adaptation} and {Selection} in {Energy} {Harvesting} {Wireless} {Systems}},
	author       = {Khairnar, Parag S. and Mehta, Neelesh B.},
	year         = 2015,
	month        = jan,
	journal      = {IEEE Transactions on Wireless Communications},
	volume       = 14,
	number       = 1,
	pages        = {219--229},
	doi          = {10.1109/TWC.2014.2337296},
	issn         = {1536-1276},
	url          = {http://ieeexplore.ieee.org/document/6851199/},
	urldate      = {2024-02-15},
	language     = {en}
}
@inproceedings{khairnar_power_2011,
	title        = {Power and {Discrete} {Rate} {Adaptation} for {Energy} {Harvesting} {Wireless} {Nodes}},
	author       = {Khairnar, Parag S. and Mehta, Neelesh B.},
	year         = 2011,
	month        = jun,
	booktitle    = {2011 {IEEE} {International} {Conference} on {Communications} ({ICC})},
	publisher    = {IEEE},
	address      = {Kyoto, Japan},
	pages        = {1--5},
	doi          = {10.1109/icc.2011.5963234},
	isbn         = {978-1-61284-232-5},
	url          = {http://ieeexplore.ieee.org/document/5963234/},
	urldate      = {2024-02-15},
	language     = {en}
}
@article{khan_energy_2015,
	title        = {Energy management in {Wireless} {Sensor} {Networks}: {A} survey},
	author       = {Khan, J.A. and Qureshi, H.K. and Iqbal, A. and Lacatus, C.},
	year         = 2015,
	journal      = {Computers and Electrical Engineering},
	volume       = 41,
	number       = {C},
	pages        = {159--176},
	doi          = {10.1016/j.compeleceng.2014.06.009},
	url          = {https://www.scopus.com/inward/record.uri?eid=2-s2.0-84927798837&doi=10.1016%2fj.compeleceng.2014.06.009&partnerID=40&md5=86f9fbcdebfd5c25ff80fd1630199d5a},
	note         = {Publisher: Elsevier Ltd},
	keywords     = {Alternate Source, Battery capacity, Electric batteries, Energy conservation, Energy efficiency, Energy efficient, Energy efficient networks, Energy harvesting, Energy management, Energy provisioning, Energy utilization, Research trends, Sensor nodes, Surveys, Wireless energy, Wireless sensor network (WSNs)}
}
@article{kitchenham_systematic_2009,
	title        = {Systematic literature reviews in software engineering ‚Äì {A} systematic literature review},
	author       = {Kitchenham, Barbara and Pearl Brereton, O. and Budgen, David and Turner, Mark and Bailey, John and Linkman, Stephen},
	year         = 2009,
	month        = jan,
	journal      = {Information and Software Technology},
	volume       = 51,
	number       = 1,
	pages        = {7--15},
	doi          = {10.1016/j.infsof.2008.09.009},
	issn         = {09505849},
	url          = {https://linkinghub.elsevier.com/retrieve/pii/S0950584908001390},
	urldate      = {2024-05-30},
	copyright    = {https://www.elsevier.com/tdm/userlicense/1.0/},
	language     = {en}
}
@article{kwasnik_role_nodate,
	title        = {The {Role} of {Classification} in {Knowledge} {Representation} and {Discovery}'},
	author       = {Kwasnik, Barbarah},
	year         = 1999,
	language     = {en}
}
@article{lee_energy_2018,
	title        = {Energy management for solar-powered {IoT} devices with performance adjustment},
	author       = {Lee, YongSeok and Park, Moonju},
	year         = 2018,
	journal      = {International Journal of Smart Grid and Clean Energy},
	pages        = {22--30},
	doi          = {10.12720/sgce.8.1.22-30},
	issn         = {23154462, 23733594},
	url          = {http://www.ijsgce.com/index.php?m=content&c=index&a=show&catid=77&id=406},
	urldate      = {2024-02-15},
	language     = {en}
}
@article{li_internet_2015,
	title        = {The internet of things: a survey},
	author       = {Li, S. and Xu, L.D. and Zhao, S.},
	year         = 2015,
	journal      = {Information Systems Frontiers},
	volume       = 17,
	number       = 2,
	pages        = {243--259},
	doi          = {10.1007/s10796-014-9492-7},
	url          = {https://www.scopus.com/inward/record.uri?eid=2-s2.0-84925468156&doi=10.1007%2fs10796-014-9492-7&partnerID=40&md5=dd6cf3fbddb72b2d691e33e60aa3d01a},
	keywords     = {notion}
}
@article{liu_energy_2016,
	title        = {Energy {Harvesting} {Wireless} {Sensor} {Networks}: {Delay} {Analysis} {Considering} {Energy} {Costs} of {Sensing} and {Transmission}},
	shorttitle   = {Energy {Harvesting} {Wireless} {Sensor} {Networks}},
	author       = {Liu, Wanchun and Zhou, Xiangyun and Durrani, Salman and Mehrpouyan, Hani and Blostein, Steven D.},
	year         = 2016,
	journal      = {IEEE Transactions on Wireless Communications},
	pages        = {1--1},
	doi          = {10.1109/TWC.2016.2543216},
	issn         = {1536-1276},
	url          = {http://ieeexplore.ieee.org/document/7435327/},
	urldate      = {2024-01-29},
	language     = {en}
}
@inproceedings{liu_performance_2015,
	title        = {Performance of {Wireless}-{Powered} {Sensor} {Transmission} {Considering} {Energy} {Cost} of {Sensing}},
	author       = {Liu, Wanchun and Zhou, Xiangyun and Durrani, Salman and Mehrpouyan, Hani and Blostein, Steven D.},
	year         = 2015,
	month        = dec,
	booktitle    = {2015 {IEEE} {Global} {Communications} {Conference} ({GLOBECOM})},
	publisher    = {IEEE},
	address      = {San Diego, CA, USA},
	pages        = {1--7},
	doi          = {10.1109/GLOCOM.2015.7417438},
	isbn         = {978-1-4799-5952-5},
	url          = {http://ieeexplore.ieee.org/document/7417438/},
	urldate      = {2024-02-15},
	language     = {en}
}
@article{lund2014worldwide,
	title        = {Worldwide and regional internet of things (iot) 2014--2020 forecast: A virtuous circle of proven value and demand},
	author       = {Lund, Denise and MacGillivray, Carrie and Turner, Vernon and Morales, Mario},
	year         = 2014,
	journal      = {International Data Corporation (IDC), Tech. Rep},
	volume       = 1,
	number       = 1,
	pages        = 9
}
@article{luo_optimal_2017,
	title        = {Optimal sleep time controller based on traffic prediction and residual energy in duty-cycled wireless sensor networks},
	author       = {Luo, Haibo and He, Minghua and Ruan, Zhiqiang and Zeng, Xiaxia},
	year         = 2017,
	month        = dec,
	journal      = {International Journal of Distributed Sensor Networks},
	volume       = 13,
	number       = 12,
	pages        = 155014771774890,
	doi          = {10.1177/1550147717748909},
	issn         = {1550-1477, 1550-1477},
	url          = {http://journals.sagepub.com/doi/10.1177/1550147717748909},
	urldate      = {2024-02-15},
	language     = {en}
}
@misc{martinekuan_throttling_nodate,
	title        = {Throttling pattern - {Azure} {Architecture} {Center}},
	author       = {martinekuan},
	year         = 2019,
	url          = {https://learn.microsoft.com/en-us/azure/architecture/patterns/throttling},
	urldate      = {2024-01-29},
	language     = {en-us}
}
@article{martins2017atlas,
	title        = {Atlas brasileiro de energia solar 2},
	author       = {Martins, Fernando Ramos and Pereira, Enio Bueno and Gon{\c{c}}alves, Andr{\'e} Rodrigues and Costa, Rodrigo Santos and Lima, Francisco Jos{\'e} Lopes de and R{\"u}ther, Ricardo and Abreu, Samuel de Lima and Tiepolo, Gerson M{\'a}ximo and Pereira, Silvia Vitorino and Souza, Jefferson Gon{\c{c}}alves de},
	year         = 2017,
	publisher    = {Inpe}
}
@inproceedings{merrett_energy-driven_2017,
	title        = {Energy-driven computing: {Rethinking} the design of energy harvesting systems},
	shorttitle   = {Energy-driven computing},
	author       = {Merrett, Geoff V. and Al-Hashimi, Bashir M.},
	year         = 2017,
	month        = mar,
	booktitle    = {Design, {Automation} \& {Test} in {Europe} {Conference} \& {Exhibition} ({DATE}), 2017},
	publisher    = {IEEE},
	address      = {Lausanne, Switzerland},
	pages        = {960--965},
	doi          = {10.23919/DATE.2017.7927130},
	isbn         = {978-3-9815370-8-6},
	url          = {http://ieeexplore.ieee.org/document/7927130/},
	urldate      = {2024-03-11},
	language     = {en},
	keywords     = {notion}
}
@article{miorandi2012internet,
	title        = {Internet of things: Vision, applications and research challenges},
	author       = {Miorandi, Daniele and Sicari, Sabrina and De Pellegrini, Francesco and Chlamtac, Imrich},
	year         = 2012,
	journal      = {Ad hoc networks},
	publisher    = {Elsevier},
	volume       = 10,
	number       = 7,
	pages        = {1497--1516}
}
@techreport{noauthor_ericsson_2024,
	title        = {Ericsson Mobility Report Update February},
	author       = {Ericsson},
	year         = 2024,
	url          = {https://www.ericsson.com/4923b9/assets/local/reports-papers/mobility-report/documents/2023/emr-q4-2023-update.pdf},
	note         = {Acesso em: 15 jan. 2024},
	language     = {en}
}
@article{prauzek_energy_2018,
	title        = {Energy {Harvesting} {Sources}, {Storage} {Devices} and {System} {Topologies} for {Environmental} {Wireless} {Sensor} {Networks}: {A} {Review}},
	shorttitle   = {Energy {Harvesting} {Sources}, {Storage} {Devices} and {System} {Topologies} for {Environmental} {Wireless} {Sensor} {Networks}},
	author       = {Prauzek, Michal and Konecny, Jaromir and Borova, Monika and Janosova, Karolina and Hlavica, Jakub and Musilek, Petr},
	year         = 2018,
	month        = jul,
	journal      = {Sensors},
	volume       = 18,
	number       = 8,
	pages        = 2446,
	doi          = {10.3390/s18082446},
	issn         = {1424-8220},
	url          = {http://www.mdpi.com/1424-8220/18/8/2446},
	urldate      = {2024-01-29},
	language     = {en}
}
@article{shaikh_energy_2016,
	title        = {Energy harvesting in wireless sensor networks: {A} comprehensive review},
	shorttitle   = {Energy harvesting in wireless sensor networks},
	author       = {Shaikh, Faisal Karim and Zeadally, Sherali},
	year         = 2016,
	month        = mar,
	journal      = {Renewable and Sustainable Energy Reviews},
	volume       = 55,
	pages        = {1041--1054},
	doi          = {10.1016/j.rser.2015.11.010},
	issn         = 13640321,
	url          = {https://linkinghub.elsevier.com/retrieve/pii/S1364032115012629},
	urldate      = {2024-01-31},
	language     = {en}
}
@inproceedings{shen_energy-efficient_2019,
	title        = {Energy-{Efficient} {Activation}/{Inactivation} {Strategy} for {Long}-term {IoT} {Network} {Operation}},
	author       = {Shen, Zhishu and Yokota, Kenji and Tagami, Atsushi and Higashino, Teruo},
	year         = 2019,
	month        = aug,
	booktitle    = {2019 {IEEE} {SmartWorld}, {Ubiquitous} {Intelligence} \& {Computing}, {Advanced} \& {Trusted} {Computing}, {Scalable} {Computing} \& {Communications}, {Cloud} \& {Big} {Data} {Computing}, {Internet} of {People} and {Smart} {City} {Innovation} ({SmartWorld}/{SCALCOM}/{UIC}/{ATC}/{CBDCom}/{IOP}/{SCI})},
	publisher    = {IEEE},
	address      = {Leicester, United Kingdom},
	pages        = {747--752},
	doi          = {10.1109/SmartWorld-UIC-ATC-SCALCOM-IOP-SCI.2019.00161},
	isbn         = {978-1-72814-034-6},
	url          = {https://ieeexplore.ieee.org/document/9060217/},
	urldate      = {2024-02-15},
	language     = {en}
}
@article{singh_survey_2020,
	title        = {A survey and taxonomy on energy management schemes in wireless sensor networks},
	author       = {Singh, Jaspreet and Kaur, Ranjit and Singh, Damanpreet},
	year         = 2020,
	month        = dec,
	journal      = {Journal of Systems Architecture},
	volume       = 111,
	pages        = 101782,
	doi          = {10.1016/j.sysarc.2020.101782},
	issn         = 13837621,
	url          = {https://linkinghub.elsevier.com/retrieve/pii/S138376212030076X},
	urldate      = {2024-01-23},
	language     = {en}
}
@article{sliper_energy-driven_2020,
	title        = {Energy-driven computing},
	author       = {Sliper, Sivert T. and Cetinkaya, Oktay and Weddell, Alex S. and Al-Hashimi, Bashir and Merrett, Geoff V.},
	year         = 2020,
	month        = feb,
	journal      = {Philosophical Transactions of the Royal Society A: Mathematical, Physical and Engineering Sciences},
	volume       = 378,
	number       = 2164,
	pages        = 20190158,
	doi          = {10.1098/rsta.2019.0158},
	issn         = {1364-503X, 1471-2962},
	url          = {https://royalsocietypublishing.org/doi/10.1098/rsta.2019.0158},
	urldate      = {2024-03-11},
	language     = {en},
	keywords     = {notion}
}
@article{smite_empirically_2014,
	title        = {An empirically based terminology and taxonomy for global software engineering},
	author       = {≈†mite, Darja and Wohlin, Claes and Galvi≈Üa, Zane and Prikladnicki, Rafael},
	year         = 2014,
	month        = feb,
	journal      = {Empirical Software Engineering},
	volume       = 19,
	number       = 1,
	pages        = {105--153},
	doi          = {10.1007/s10664-012-9217-9},
	issn         = {1382-3256, 1573-7616},
	url          = {http://link.springer.com/10.1007/s10664-012-9217-9},
	urldate      = {2024-05-09},
	copyright    = {http://www.springer.com/tdm},
	language     = {en}
}
@article{sudevalayam_energy_2011,
	title        = {Energy {Harvesting} {Sensor} {Nodes}: {Survey} and {Implications}},
	shorttitle   = {Energy {Harvesting} {Sensor} {Nodes}},
	author       = {Sudevalayam, Sujesha and Kulkarni, Purushottam},
	year         = 2011,
	journal      = {IEEE Communications Surveys \& Tutorials},
	volume       = 13,
	number       = 3,
	pages        = {443--461},
	doi          = {10.1109/SURV.2011.060710.00094},
	issn         = {1553-877X},
	url          = {http://ieeexplore.ieee.org/document/5522465/},
	urldate      = {2023-10-23},
	language     = {en},
	keywords     = {Design, Design goal, Electrical energy, Energy harvesting, Energy source, Energy-aware systems, Expected energy, Network solutions, notion, On currents, Performance parameters, Power sensor, Sensor networks, Sensor nodes, Sensor systems, Storage technology, Surveys}
}
@misc{tutiempo2023,
	title        = {Tempo em Natal - RN},
	author       = {TUTIEMPO},
	year         = 2023,
	url          = {https://pt.tutiempo.net/natal.html},
	urldate      = {2023-12-12},
	note         = {Acesso em: 12 dez. 2023}
}
@article{usman_taxonomies_2017,
	title        = {Taxonomies in software engineering: {A} {Systematic} mapping study and a revised taxonomy development method},
	shorttitle   = {Taxonomies in software engineering},
	author       = {Usman, Muhammad and Britto, Ricardo and B√∂rstler, J√ºrgen and Mendes, Emilia},
	year         = 2017,
	month        = may,
	journal      = {Information and Software Technology},
	volume       = 85,
	pages        = {43--59},
	doi          = {10.1016/j.infsof.2017.01.006},
	issn         = {09505849},
	url          = {https://linkinghub.elsevier.com/retrieve/pii/S0950584917300472},
	urldate      = {2024-05-09},
	language     = {en}
}
@article{wei_comprehensive_2017,
	title        = {A comprehensive review on vibration energy harvesting: {Modelling} and realization},
	shorttitle   = {A comprehensive review on vibration energy harvesting},
	author       = {Wei, Chongfeng and Jing, Xingjian},
	year         = 2017,
	month        = jul,
	journal      = {Renewable and Sustainable Energy Reviews},
	volume       = 74,
	pages        = {1--18},
	doi          = {10.1016/j.rser.2017.01.073},
	issn         = 13640321,
	url          = {https://linkinghub.elsevier.com/retrieve/pii/S1364032117300837},
	urldate      = {2024-01-23},
	language     = {en}
}
@article{wohlin_guidelines_2014,
	title        = {Guidelines for snowballing in systematic literature studies and a replication in software engineering},
	author       = {Wohlin, Claes},
	year         = 2014,
	month        = may,
	booktitle    = {Proceedings of the 18th {International} {Conference} on {Evaluation} and {Assessment} in {Software} {Engineering}},
	publisher    = {ACM},
	address      = {London England United Kingdom},
	pages        = {1--10},
	doi          = {10.1145/2601248.2601268},
	isbn         = {978-1-4503-2476-2},
	url          = {https://dl.acm.org/doi/10.1145/2601248.2601268},
	urldate      = {2023-07-24},
	language     = {en},
	keywords     = {notion}
}
@article{yang2014health,
	title        = {A health-IoT platform based on the integration of intelligent packaging,  bio-sensor, and intelligent medicine box},
	author       = {Yang, Geng and Xie, Li and M{\"a}ntysalo, Matti and Zhou, Xiaolin and Pang, Zhibo and Da Xu, Li and Kao-Walter, Sharon and Chen, Qiang and Zheng, Li-Rong},
	year         = 2014,
	journal      = {IEEE transactions on industrial informatics},
	publisher    = {IEEE},
	volume       = 10,
	number       = 4,
	pages        = {2180--2191}
}
@article{yoo_dynamic_2012,
	title        = {Dynamic {Duty}-{Cycle} {Scheduling} {Schemes} for {Energy}-{Harvesting} {Wireless} {Sensor} {Networks}},
	author       = {Yoo, Hongseok and Shim, Moonjoo and Kim, Dongkyun},
	year         = 2012,
	month        = feb,
	journal      = {IEEE Communications Letters},
	volume       = 16,
	number       = 2,
	pages        = {202--204},
	doi          = {10.1109/LCOMM.2011.120211.111501},
	issn         = {1089-7798},
	url          = {http://ieeexplore.ieee.org/document/6095298/},
	urldate      = {2024-02-15},
	language     = {en}
}
@article{zhang_toward_2018,
	title        = {Toward a {Perpetual} {IoT} {System}: {Wireless} {Power} {Management} {Policy} {With} {Threshold} {Structure}},
	shorttitle   = {Toward a {Perpetual} {IoT} {System}},
	author       = {Zhang, Yang and Xiong, Zehui and Niyato, Dusit and Wang, Ping and Kim, Dong In},
	year         = 2018,
	month        = dec,
	journal      = {IEEE Internet of Things Journal},
	volume       = 5,
	number       = 6,
	pages        = {5254--5270},
	doi          = {10.1109/JIOT.2018.2876375},
	issn         = {2327-4662, 2372-2541},
	url          = {https://ieeexplore.ieee.org/document/8493154/},
	urldate      = {2024-01-29},
	language     = {en}
}
